<?xml version="1.0" encoding="UTF-8"?><collection xmlns="http://www.loc.gov/MARC21/slim"><record><leader>00412nam--2200133-i-4500</leader><controlfield tag="001">000037448</controlfield><controlfield tag="002">20161230</controlfield><controlfield tag="005">20161230201041</controlfield><controlfield tag="008">060222s1000------------r-----000-0-eng-d</controlfield><datafield ind1=" " ind2=" " tag="080"><subfield code="a">539.17(430.1)(047.1)</subfield></datafield><datafield ind1=" " ind2=" " tag="245"><subfield code="a">Progress report on nuclear data research in the federal republic of germany for the period april 1, 1984 to march 31, 1985</subfield></datafield><datafield ind1=" " ind2=" " tag="260"><subfield code="a">Julich, Kernforschungs</subfield></datafield><datafield ind1=" " ind2=" " tag="700"><subfield code="a">Qaim, S.M</subfield></datafield><datafield ind1=" " ind2=" " tag="852"><subfield code="a">73305</subfield></datafield></record></collection>